[
@misc{weka:documentacion, 
    title={Weka: General documentation},
    url={https://waikato.github.io/weka-wiki/documentation/},
    howpublished="\url{https://waikato.github.io/weka-wiki/documentation/}",
    note={Accedido: 27/5/2020}
},
@misc{morate:manual-weka, 
    title={Manual de Weka},
    author={García Morate, Diego},
    url={https://knowledgesociety.usal.es/sites/default/files/MANUAL%20WEKA.pdf},
    howpublished="\url{https://knowledgesociety.usal.es/sites/default/files/MANUAL%20WEKA.pdf}",
    note={Accedido: 27/5/2020}
},
@misc{cynthia:manual-weka,
    title={Alternativa de herramienta libre para la implementación de aprendizaje automático},
    author={Corso, Cyntia Lorena and Alfaro, Sofía Lorena},
    publisher={Universidad Tecnológica Nacional, Facultad Regional de Córdoba},
    url={http://www.investigacion.frc.utn.edu.ar/labsis/Publicaciones/congresos_labsis/cynthia/Alternativa_de_herramienta_para_Mineria_Datos_CNEISI_2009.pdf},
    howpublished="\url{http://www.investigacion.frc.utn.edu.ar/labsis/Publicaciones/congresos_labsis/cynthia/Alternativa_de_herramienta_para_Mineria_Datos_CNEISI_2009.pdf}",
    note={Accedido: 27/5/2020}
}]